<record><leader>00000cas a22000001a 4500</leader><controlfield tag="001">29807852</controlfield><controlfield tag="007">hd afa015baca</controlfield><controlfield tag="007">hd bfa015baaa</controlfield><controlfield tag="008">810601d191819uupaumr n a     0    0eng d</controlfield><datafield ind1=" " ind2=" " tag="010"><subfield code="a">sn 94088054 </subfield></datafield><datafield ind1=" " ind2=" " tag="040"><subfield code="a">NYP</subfield><subfield code="b">eng</subfield><subfield code="c">NYP</subfield><subfield code="d">RQM</subfield><subfield code="d">OCL</subfield><subfield code="d">OCLCQ</subfield><subfield code="d">OCLCF</subfield><subfield code="d">OCLCO</subfield><subfield code="d">OCLCQ</subfield></datafield><datafield ind1=" " ind2=" " tag="012"><subfield code="i">8106</subfield></datafield><datafield ind1=" " ind2=" " tag="042"><subfield code="a">msc</subfield></datafield><datafield ind1=" " ind2=" " tag="043"><subfield code="a">n-us---</subfield></datafield><datafield ind1="0" ind2="0" tag="245"><subfield code="a">Anthracite tri-district news :</subfield><subfield code="b">official organ for Districts No. 1, 7, and 9, United Mine Workers of America.</subfield></datafield><datafield ind1=" " ind2=" " tag="260"><subfield code="a">Hazelton, Pa. :</subfield><subfield code="b">Districts No. 1, 7, and 9, United Mine Workers of America</subfield></datafield><datafield ind1=" " ind2=" " tag="300"><subfield code="a">volumes :</subfield><subfield code="b">illustrations ;</subfield><subfield code="c">57 cm</subfield></datafield><datafield ind1=" " ind2=" " tag="310"><subfield code="a">Monthly,</subfield><subfield code="b">&lt;1964-&gt;</subfield></datafield><datafield ind1=" " ind2=" " tag="321"><subfield code="a">Biweekly,</subfield><subfield code="b">Mar. 25, 1955-&lt;Dec. 27, 1963&gt;</subfield></datafield><datafield ind1=" " ind2=" " tag="321"><subfield code="a">Weekly,</subfield><subfield code="b">&lt;Sept. 1, 1933&gt;-Mar. 11, 1955</subfield></datafield><datafield ind1=" " ind2=" " tag="336"><subfield code="a">text</subfield><subfield code="b">txt</subfield><subfield code="2">rdacontent</subfield></datafield><datafield ind1=" " ind2=" " tag="337"><subfield code="a">microform</subfield><subfield code="b">h</subfield><subfield code="2">rdamedia</subfield></datafield><datafield ind1=" " ind2=" " tag="338"><subfield code="a">microfilm reel</subfield><subfield code="b">hd</subfield><subfield code="2">rdacarrier</subfield></datafield><datafield ind1="1" ind2=" " tag="362"><subfield code="a">Began in 1918.</subfield></datafield><datafield ind1=" " ind2=" " tag="515"><subfield code="a">Issues for 1933-1957 called v. &lt;16-39&gt;.</subfield></datafield><datafield ind1=" " ind2=" " tag="588"><subfield code="a">Description based on: Sept. 1, 1933.</subfield></datafield><datafield ind1=" " ind2=" " tag="533"><subfield code="a">Microfilm.</subfield><subfield code="m">v.31:no. 1-54 (1948)</subfield><subfield code="b">New York :</subfield><subfield code="c">New York Public Library,</subfield><subfield code="d">1950.</subfield><subfield code="e">1 microfilm reel ; 35 mm.</subfield></datafield><datafield ind1=" " ind2="0" tag="650"><subfield code="a">Miners</subfield><subfield code="x">Labor unions</subfield><subfield code="z">United States</subfield><subfield code="v">Periodicals.</subfield></datafield><datafield ind1=" " ind2="7" tag="650"><subfield code="a">Miners</subfield><subfield code="x">Labor unions.</subfield><subfield code="2">fast</subfield><subfield code="0">(OCoLC)fst01022500</subfield></datafield><datafield ind1=" " ind2="7" tag="651"><subfield code="a">United States.</subfield><subfield code="2">fast</subfield><subfield code="0">(OCoLC)fst01204155</subfield></datafield><datafield ind1=" " ind2="7" tag="655"><subfield code="a">Periodicals.</subfield><subfield code="2">fast</subfield><subfield code="0">(OCoLC)fst01411641</subfield></datafield><datafield ind1="2" ind2=" " tag="710"><subfield code="a">United Mine Workers of America.</subfield><subfield code="b">District No. 1.</subfield></datafield><datafield ind1="2" ind2=" " tag="710"><subfield code="a">United Mine Workers of America.</subfield><subfield code="b">District No. 7.</subfield></datafield><datafield ind1="2" ind2=" " tag="710"><subfield code="a">United Mine Workers of America.</subfield><subfield code="b">District No. 9.</subfield></datafield><datafield ind1="1" ind2=" " tag="776"><subfield code="c">Original</subfield><subfield code="w">(DLC)sn 87080365</subfield></datafield><datafield ind1=" " ind2=" " tag="850"><subfield code="a">NN</subfield><subfield code="a">NN (master)</subfield></datafield></record>